@article{weil1948some,
  title={On some exponential sums},
  author={Weil, Andr{\'e}},
  journal={Proceedings of the National Academy of Sciences},
  volume={34},
  number={5},
  pages={204--207},
  year={1948},
  publisher={National Acad Sciences}
}