@article{conrey1989more,
  title={More than two fifths of the zeros of the Riemann zeta function are on the critical line.},
  author={Conrey, J Brian},
  year={1989},
  publisher={Walter de Gruyter, Berlin/New York Berlin, New York}
}

@article{van1986zeros,
  title={On the zeros of the Riemann zeta function in the critical strip. IV},
  author={Van de Lune, Jan and te Riele, Herman JJ and Winter, Dik T},
  journal={Mathematics of Computation},
  volume={46},
  number={174},
  pages={667--681},
  year={1986}
}